@misc{ Nobody06,
       author = "Nobody Jr",
       title = "My Article",
       year = "2006" }

@ARTICLE{2012APh....35..615A,
   author = {{Abbasi}, R. and {Abdou}, Y. and {Abu-Zayyad}, T. and {Ackermann}, M. and 
	{Adams}, J. and {Aguilar}, J.~A. and {Ahlers}, M. and {Allen}, M.~M. and 
	{Altmann}, D. and {Andeen}, K. and et al.},
    title = "{The design and performance of IceCube DeepCore}",
  journal = {Astroparticle Physics},
archivePrefix = "arXiv",
   eprint = {1109.6096},
 primaryClass = "astro-ph.IM",
     year = 2012,
    month = may,
   volume = 35,
    pages = {615-624},
      doi = {10.1016/j.astropartphys.2012.01.004},
   adsurl = {http://adsabs.harvard.edu/abs/2012APh....35..615A},
  adsnote = {Provided by the SAO/NASA Astrophysics Data System}
}

@ARTICLE{2006JGRD..11113203A,
   author = {{Ackermann}, M. and {Ahrens}, J. and {Bai}, X. and {Bartelt}, M. and 
	{Barwick}, S.~W. and {Bay}, R.~C. and {Becka}, T. and {Becker}, J.~K. and 
	{Becker}, K.-H. and {Berghaus}, P. and {Bernardini}, E. and 
	{Bertrand}, D. and {Boersma}, D.~J. and {B{\"o}ser}, S. and 
	{Botner}, O. and {Bouchta}, A. and {Bouhali}, O. and {Burgess}, C. and 
	{Burgess}, T. and {Castermans}, T. and {Chirkin}, D. and {Collin}, B. and 
	{Conrad}, J. and {Cooley}, J. and {Cowen}, D.~F. and {Davour}, A. and 
	{De Clercq}, C. and {de los Heros}, C.~P. and {Desiati}, P. and 
	{De Young}, T. and {Ekstr{\"o}m}, P. and {Feser}, T. and {Gaisser}, T.~K. and 
	{Ganugapati}, R. and {Geenen}, H. and {Gerhardt}, L. and {Goldschmidt}, A. and 
	{Gro{\ss}}, A. and {Hallgren}, A. and {Halzen}, F. and {Hanson}, K. and 
	{Hardtke}, D.~H. and {Harenberg}, T. and {Hauschildt}, T. and 
	{Helbing}, K. and {Hellwig}, M. and {Herquet}, P. and {Hill}, G.~C. and 
	{Hodges}, J. and {Hubert}, D. and {Hughey}, B. and {Hulth}, P.~O. and 
	{Hultqvist}, K. and {Hundertmark}, S. and {Jacobsen}, J. and 
	{Kampert}, K.~H. and {Karle}, A. and {Kestel}, M. and {Kohnen}, G. and 
	{K{\"o}pke}, L. and {Kowalski}, M. and {Kuehn}, K. and {Lang}, R. and 
	{Leich}, H. and {Leuthold}, M. and {Liubarsky}, I. and {Lundberg}, J. and 
	{Madsen}, J. and {Marciniewski}, P. and {Matis}, H.~S. and {McParland}, C.~P. and 
	{Messarius}, T. and {Minaeva}, Y. and {Mio{\v c}inovi{\'c}}, P. and 
	{Morse}, R. and {M{\"u}nich}, K. and {Nahnhauer}, R. and {Nam}, J.~W. and 
	{Neunh{\"o}ffer}, T. and {Niessen}, P. and {Nygren}, D.~R. and 
	{Olbrechts}, P. and {Pohl}, A.~C. and {Porrata}, R. and {Price}, P.~B. and 
	{Przybylski}, G.~T. and {Rawlins}, K. and {Resconi}, E. and 
	{Rhode}, W. and {Ribordy}, M. and {Richter}, S. and {Rodr{\'{\i}}guez Martino}, J. and 
	{Sander}, H.-G. and {Schlenstedt}, S. and {Schneider}, D. and 
	{Schwarz}, R. and {Silvestri}, A. and {Solarz}, M. and {Spiczak}, G.~M. and 
	{Spiering}, C. and {Stamatikos}, M. and {Steele}, D. and {Steffen}, P. and 
	{Stokstad}, R.~G. and {Sulanke}, K.-H. and {Taboada}, I. and 
	{Tarasova}, O. and {Thollander}, L. and {Tilav}, S. and {Wagner}, W. and 
	{Walck}, C. and {Walter}, M. and {Wang}, Y.-R. and {Wiebusch}, C.~H. and 
	{Wischnewski}, R. and {Wissing}, H. and {Woschnagg}, K.},
    title = "{Optical properties of deep glacial ice at the South Pole}",
  journal = {Journal of Geophysical Research (Atmospheres)},
 keywords = {Cryosphere: Ice (1863), Cryosphere: Remote sensing, Paleoceanography: Glacial},
     year = 2006,
    month = jul,
   volume = 111,
   number = D10,
      eid = {D13203},
    pages = {13203},
      doi = {10.1029/2005JD006687},
   adsurl = {http://adsabs.harvard.edu/abs/2006JGRD..11113203A},
  adsnote = {Provided by the SAO/NASA Astrophysics Data System}
}

@ARTICLE{2013JGlac..59.1117.,
    title = "{South Pole glacial climate reconstruction from multi-borehole laser particulate stratigraphy}",
  journal = {Journal of Glaciology},
     year = 2013,
   volume = 59,
    pages = {1117-1128},
      doi = {10.3189/2013JoG13J068},
   adsurl = {http://adsabs.harvard.edu/abs/2013JGlac..59.1117.},
  adsnote = {Provided by the SAO/NASA Astrophysics Data System}
}

@ARTICLE{2013ApJ...779..132A,
   author = {{Aartsen}, M.~G. and {Abbasi}, R. and {Abdou}, Y. and {Ackermann}, M. and 
	{Adams}, J. and {Aguilar}, J.~A. and {Ahlers}, M. and {Altmann}, D. and 
	{Auffenberg}, J. and {Bai}, X. and et al.},
    title = "{Search for Time-independent Neutrino Emission from Astrophysical Sources with 3 yr of IceCube Data}",
  journal = {\apj},
 keywords = {astroparticle physics, cosmic rays, neutrinos, telescopes},
     year = 2013,
    month = dec,
   volume = 779,
      eid = {132},
    pages = {132},
      doi = {10.1088/0004-637X/779/2/132},
   adsurl = {http://adsabs.harvard.edu/abs/2013ApJ...779..132A},
  adsnote = {Provided by the SAO/NASA Astrophysics Data System}
}


@ARTICLE{2008arXiv0810.4930T,
   author = {{The IceCube Collaboration}},
    title = "{The IceCube Data Acquisition System: Signal Capture, Digitization, and Timestamping}",
  journal = {ArXiv e-prints},
archivePrefix = "arXiv",
   eprint = {0810.4930},
 primaryClass = "physics.ins-det",
 keywords = {Physics - Instrumentation and Detectors, Astrophysics, High Energy Physics - Experiment, Nuclear Experiment},
     year = 2008,
    month = oct,
   adsurl = {http://adsabs.harvard.edu/abs/2008arXiv0810.4930T},
  adsnote = {Provided by the SAO/NASA Astrophysics Data System}
}

@PHDTHESIS{2011PhDT.......114R,
   author = {{Redl}, P.~C.},
    title = "{A search for muon neutrinos coincident with gamma-ray bursts with the IceCube 59-string detector}",
   school = {University of Maryland, College Park},
     year = 2011,
   adsurl = {http://adsabs.harvard.edu/abs/2011PhDT.......114R},
  adsnote = {Provided by the SAO/NASA Astrophysics Data System}
}

@ARTICLE{2006NIMPA.567..214H,
   author = {{Hanson}, K. and {Tarasova}, O.},
    title = "{Design and production of the IceCube digital optical module}",
  journal = {Nuclear Instruments and Methods in Physics Research A},
     year = 2006,
    month = nov,
   volume = 567,
    pages = {214-217},
      doi = {10.1016/j.nima.2006.05.091},
   adsurl = {http://adsabs.harvard.edu/abs/2006NIMPA.567..214H},
  adsnote = {Provided by the SAO/NASA Astrophysics Data System}
}


@ARTICLE{2010APh....33..175B,
   author = {{Braun}, J. and {Baker}, M. and {Dumm}, J. and {Finley}, C. and 
	{Karle}, A. and {Montaruli}, T.},
    title = "{Time-dependent point source search methods in high energy neutrino astronomy}",
  journal = {Astroparticle Physics},
archivePrefix = "arXiv",
   eprint = {0912.1572},
 primaryClass = "astro-ph.IM",
     year = 2010,
    month = apr,
   volume = 33,
    pages = {175-181},
      doi = {10.1016/j.astropartphys.2010.01.005},
   adsurl = {http://adsabs.harvard.edu/abs/2010APh....33..175B},
  adsnote = {Provided by the SAO/NASA Astrophysics Data System}
}

@ARTICLE{2009PrPNP..63..293B,
   author = {{Bl{\"u}mer}, J. and {Engel}, R. and {H{\"o}randel}, J.~R.},
    title = "{Cosmic rays from the knee to the highest energies}",
  journal = {Progress in Particle and Nuclear Physics},
archivePrefix = "arXiv",
   eprint = {0904.0725},
 primaryClass = "astro-ph.HE",
     year = 2009,
    month = oct,
   volume = 63,
    pages = {293-338},
      doi = {10.1016/j.ppnp.2009.05.002},
   adsurl = {http://adsabs.harvard.edu/abs/2009PrPNP..63..293B},
  adsnote = {Provided by the SAO/NASA Astrophysics Data System}
}
